
@book{k+r,
	Author = {Brian Kerngihan and Denis Ritche},
	Date-Modified = {2011-10-03 10:46:03 +0100},
	Edition = {Second},
	Publisher = {Prentice Hall},
	Title = {The C Programming Language},
	Year = 1988}

@Book{kochan,
  author = 	 {Stephen Kochan},
  title = 	 {Programming in C},
  publisher = 	 {Samms},
  year = 	 2004,
  edition = 	 {Third}}


@book{raymond_art_2004,
	edition = {1},
	series = {Professional Computing},
	title = {The Art of Unix Programming},
	url = {http://catb.org/esr/writings/taoup/html/},
	publisher = {Addison-Wesley},
	author = {Raymond, Eric S.},
	year = {2004}
}


@book{pike_notes,
	title = {Notes on programming in C},
	url = {http://www.lysator.liu.se/c/pikestyle.html},
	author = {Pike, Rob},
year = {1989}
}