
@misc{manage-bibtex,
    author = {JÃ¼rgen Fenn},
	title = {Managing Citations and Your Bibliography with BibTeX},
	url = {http://www.tug.org/pracjourn/2006-4/fenn/},
	urldate = {2017-09-20}
}

@misc{wikibook-bibtex,
	title = {LaTeX/Bibliography Management},
    Publisher = {Wikibooks, open books for an open world},
	url = {https://en.wikibooks.org/wiki/LaTeX/Bibliography_Management},
	urldate = {2017-09-20}
}

@book{talbot2012,
  author    = "Nicola L. C. Talbot",
  title     = "{\LaTeX} for Complete Novices",
  publisher = "Dickimaw Books",
  series    = "Dickimaw {\LaTeX} Series",
  volume    = 1,
  isbn      = "978-1-909440-00-5",
  address   = "Norfolk, UK",
  year      = 2012,
  url       = {http://www.dickimaw-books.com/latex/novices/}
}
