@article{hypponen,
author = {Hypponen, Mikko and Nyman, Linus},
year = {2017},
month = {04},
pages = {5-11},
title = {The Internet of (Vulnerable) Things: On Hypponen's Law, Security Engineering, and IoT Legislation},
volume = {7},
journal = {Technology Innovation Management Review},
doi = {10.22215/timreview/1066}
}

@article{cutandmouse,
author = {Gen\c{c}, Ziya Alper and Lenzini, Gabriele and Sgandurra, Daniele},
title = {A Game of "Cut and Mouse": Bypassing Antivirus by Simulating User Inputs},
year = {2019},
isbn = {9781450376280},
publisher = {Association for Computing Machinery},
address = {New York, NY, USA},
url = {https://doi.org/10.1145/3359789.3359844},
doi = {10.1145/3359789.3359844},
booktitle = {Proceedings of the 35th Annual Computer Security Applications Conference},
pages = {456–465},
numpages = {10},
keywords = {antivirus, ransomware, evasion, vulnerability, simulated inputs},
location = {San Juan, Puerto Rico, USA},
series = {ACSAC '19}
}

@article{sme,
  author={J. F. {Carías} and M. R. S. {Borges} and L. {Labaka} and S. {Arrizabalaga} and J. {Hernantes}},
  journal={IEEE Access}, 
  title={Systematic Approach to Cyber Resilience Operationalization in SMEs}, 
  year={2020},
  volume={8},
  number={},
  pages={174200-174221},
  doi={10.1109/ACCESS.2020.3026063}
}

@article{SnakeOil,
author = {Michener, John and Mohan, Steven and Astrachan, James and Hale, David},
year = {2010},
month = {06},
pages = {},
title = {'Snake-Oil Security Claims' the Systematic Misrepresentation of Product Security in the E-Commerce Arena},
journal = {SSRN Electronic Journal},
doi = {10.2139/ssrn.1616728}
}

@article{humanFactor,
author = {Mc Mahon, Ciarán},
year = {2020},
month = {07},
pages = {},
title = {In Defence of the Human Factor},
volume = {11},
journal = {Frontiers in Psychology},
doi = {10.3389/fpsyg.2020.01390}
}
