@online{malwareHistory, 
title={A Brief History of Malware-Its Evolution and Impact}, 
url={https://www.lastline.com/blog/history-of-malware-its-evolution-and-impact/#:~:text=Its origin stems from two,all of a user's files.}, 
journal={Lastline}, 
author={Love, Posted by John and Love, John}, year={2019}, 
month={Sep}
}
