
@misc{henning_schulzrinne,
	title = {Writing Systems and Networking Articles},
	url = {http://www.cs.columbia.edu/~hgs/etc/writing-style.html},
	urldate = {2017-09-20},
	author = {Henning Schulzrinne},
  year = 2017
}


@misc{philip_koopman,
	title = {How to Write an Abstract},
	url = {https://users.ece.cmu.edu/~koopman/essays/abstract.html},
	urldate = {2017-09-20},
	author = {Philip Koopman},
	year = 2017
}

@book{talbot2013,
  author    = "Nicola L. C. Talbot",
  title     = "Using {\LaTeX} to Write a PhD Thesis",
  publisher = "Dickimaw Books",
  series    = "Dickimaw {\LaTeX} Series",
  volume    = 2,
  isbn      = "978-1-909440-02-9",
  address   = "Norfolk, UK",
  year      = 2013 ,
  url       = {http://www.dickimaw-books.com/latex/thesis/}
}

@misc{Stallings,
	author  = "William Stallings",
	title   = "Computer Science Student Resources",
	url     = {http://www.computersciencestudent.com/},
	urldate = {2020-09-23},
	year    = 2020
}

@misc{Sherman,
	author  = "Alan T. Sherman",
	title   = "Some Advice on Writing a Technical Report",
	url     = {https://www.csee.umbc.edu/~sherman/Courses/documents/TR_how_to.html},
	urldate = {2020-09-23},
	year    = 1996
}


