@article{ICMP,
author = {Gunnam, Ganesh Reddy and Kumar, Sanjeev},
year = {2017},
month = {07},
pages = {274-283},
title = {Do ICMP Security Attacks Have Same Impact on Servers?},
volume = {10},
journal = {Journal of Information Security},
doi = {10.4236/jis.2017.83018}
}

@article{DoSMit,
author = {Subramani Rao},
year = {2020},
pages = {9-27},
title = {Denial of Service attacks and mitigation techniques: Real time implementation with detailed analysis?},
journal = {SANS Institute Information Security Reading Room},
}
%url = {https://www.sans.org/reading-room/whitepapers/detection/denial-service-attacks-mitigation-techniques-real-time-implementation-detailed-analysis-33764}

@article{ICMPFloodDetPrev,
	title = {Detection and Prevention of ICMP Flood DDOS Attack},
	author = {Harshita Harshita},
	number = {3},
    pages = {63-69},
	volume = {3},
	year = {2017},
	month = {3},
	journal = {International Journal of New Technology and Research},
}

@article{AssignmentDOSPaper,
  author          = {Carl Slatter},
  title           = {ICMP Based Denial of Service - Threat and Mitigation},
  journal         = {KF5007 - Northumbria},
  year            = {2019},

}

@article{AssignmentSecurityForensicsPaper,
  author          = {Carl Slatter},
  title           = {Principles of Digital Security and Forensics},
  journal         = {KF5005 - Northumbria},
  year            = {2019}
}