@online{DoSExplained,
  author = {Us.norton.com},
  title = {{What Are Denial Of Service (Dos) Attacks? Dos Attacks Explained}},
  year = {2020},
  url = {https://us.norton.com/internetsecurity-emerging-threats-dos-attacks-explained.htm},
  urldate = {2020-04-25}
}

@online{malwareHistory, 
title={A Brief History of Malware-Its Evolution and Impact}, 
url={https://www.lastline.com/blog/history-of-malware-its-evolution-and-impact/#:~:text=Its origin stems from two,all of a user's files.}, 
journal={Lastline}, 
author={Love, Posted by John and Love, John}, year={2019}}, 
month={Sep}
}

@online{iodine, 
title={yarrick/iodine}, 
url={https://github.com/yarrick/iodine}, 
journal={GitHub}, author={Yarrick}}
}

@online{DNSExfiltrator, 
title={Arno0x/DNSExfiltrator}, 
url={https://github.com/Arno0x/DNSExfiltrator}, 
journal={GitHub}, author={Arno0x}, year={2020}} 
}

@online{dnscat2, 
title={iagox86/dnscat2}, 
url={https://github.com/iagox86/dnscat2}, 
journal={GitHub}, 
author={iagox86}, 
year={2020}, 
month={Apr} 
}

‌‌@online{DET, 
title={sensepost/DET}, 
url={https://github.com/sensepost/DET}, 
journal={GitHub}, 
author={sensepost}, 
year={2016}, 
month={Jul} 
}

@online{CloudflareTLS, 
title={Cloudflare}, 
url={https://www.cloudflare.com/en-gb/learning/ssl/transport-layer-security-tls/}, 
journal={Cloudflare}, 
publisher={Cloudflare}, 
author={Cloudflare UK and What is Transport Layer Security?}, 
year={2018} 
}

@online{virusVsTrojan, 
title={Difference Between a Virus, Worm and Trojan Horse | DigiCert_2017}, 
url={https://www.websecurity.digicert.com/security-topics/difference-between-virus-worm-and-trojan-horse#:~:text=A%20Trojan%20horse%20is%20not%20a%20virus.&text=Unlike%20viruses%2C%20Trojan%20horses%20do,personal%20information%20to%20be%20theft.}, 
journal={Digicert.com}, 
year={2017} 
}

‌
@online{MalwareClass, 
title={9 types of malware and how to recognize them}, 
url={https://www.csoonline.com/article/2615925/security-your-quick-guide-to-malware-types.html}, 
journal={CSO Online}, 
author={Grimes, Roger A}, 
year={2020}, 
month={Nov} 
}

‌‌@online{MalwareClass02, 
title={Malware Types and Classifications}, 
url={https://www.lastline.com/blog/malware-types-and-classifications/}, 
journal={Lastline}, 
author={Love, John}, 
year={2018},
month={Mar} 
}

‌@online{registryRun, 
title={Persistence – Registry Run Keys},
url={https://pentestlab.blog/2019/10/01/persistence-registry-run-keys/}, 
author={Penetration-Testing-Labs}, 
year={2019}, 
month={Oct} 
}

@online{pingExfil, 
title={I See Your True ECHO REQUEST Patterns (Pinging Data Away)_2020},
url={https://safebreach.com/Post/I-See-Your-True-Echo-Request-Patterns-Pinging-Data-Away}, 
author={Safebreach.com}, 
journal={Safebreach.com}, 
year={2020} 
}

‌‌@online{DNSTunneling, 
title={DNS Tunneling: how DNS can be (ab)used by malicious actors}, 
url={https://unit42.paloaltonetworks.com/dns-tunneling-how-dns-can-be-abused-by-malicious-actors/}, 
journal={Unit42}, 
author={Hinchliffe, Alex}, 
year={2019}, 
month={Mar} 
}

@online{DNSSpoof&Exfil, 
title={Packets and DNS Exfiltration}, 
url={https://gracefulsecurity.com/spoofing-packets-and-dns-exfiltration/}, 
journal={Gracefulsecurity.com}, 
year={2019}, 
month={Jan} 
}

@online{strcpy,
title={C++ Reference}, 
url={https://www.cplusplus.com/reference/cstring/strcpy/}, 
journal={Cplusplus.com}, 
year={2020}
}

‌@online{strncpy,
title={C++ Reference}, 
url={https://www.cplusplus.com/reference/cstring/strncpy/}, 
journal={Cplusplus.com}, 
year={2020} 
}

@online{x86Shellcode,
title={x86 Linux TCP bind shell - 150 bytes},
url={http://shell-storm.org/shellcode/files/shellcode-858.php}, 
journal={Shell-storm.org}, 
year={2013} 
}


‌@online{GTFOBins, 
title={GTFOBins},
url={https://gtfobins.github.io/}, 
journal={Github.io}, 
year={2020} 
}

‌
‌@online{PentestMonkey,
title={Reverse Shell Cheat Sheet | Pentestmonkey}, 
url={http://pentestmonkey.net/cheat-sheet/shells/reverse-shell-cheat-sheet}, 
journal={Pentestmonkey.net}, 
year={2020} 
}

‌
‌@online{MSFVenom,
title={MSFvenom | Offensive Security}, 
url={https://www.offensive-security.com/metasploit-unleashed/msfvenom/}, 
journal={Offensive-security.com}, 
year={2019} 
}

‌@online{Ncat,
title={Ncat}, 
url={https://nmap.org/ncat/}, 
journal={Nmap.org}, 
year={2020} 
}

‌@online{Pwncat,
title={calebstewart/pwncat},
url={https://github.com/calebstewart/pwncat}, 
journal={GitHub}, author={calebstewart}}, 
year={2020}, 
month={Nov} 
}

‌@online{Firewalk,
url={https://tools.kali.org/information-gathering/firewalk}, 
journal={Kali.org}, 
year={2014} 
}

‌@online{ADSUse,
title={The Abuse of Alternate data stream hasn’t disappeared}, 
url={https://www.deepinstinct.com/2018/06/12/the-abuse-of-alternate-data-stream-hasnt-disappeared/#:~:text=Alternate%20Data%20Stream%20(ADS)%20is,normally%20used%20for%20a%20file.}, 
journal={Deep Instinct}, 
year={2018}, 
month={Jun} 
}

‌
@online{ADScommands,
title={Putting data in Alternate data streams and how to execute it},
url={https://oddvar.moe/2018/01/14/putting-data-in-alternate-data-streams-and-how-to-execute-it/}, 
journal={Oddvar Moe’s Blog}, 
publisher={Oddvar Moe&#039;s Blog}, 
year={2018}, 
month={Jan} 
}

‌@online{Mirai, 
title={Inside the infamous Mirai IoT Botnet: A Retrospective Analysis}, 
url={https://blog.cloudflare.com/inside-mirai-the-infamous-iot-botnet-a-retrospective-analysis/#:~:text=its%20offensive%20capabilities.-,How%20Mirai%20works,and%20control%20(C%26C)%20servers.},
journal={The Cloudflare Blog}, 
publisher={The Cloudflare Blog}, 
author={Guest Author}, 
year={2017}, 
month={Dec} 
}

@online{imgAvg,
title={All About Digital Photos - Digital Photo File Types}, 
url={http://www.rideau-info.com/photos/filetypes.html}, 
journal={Rideau-info.com}, 
year={2020} 
}

‌
@online{notPetya, 
title={What is NotPetya?}, 
url={https://www.itpro.co.uk/malware/34381/what-is-notpetya}, 
journal={IT PRO}, 
publisher={IT Pro}, 
author={Shepherd, Adam}, 
year={2019}, 
month={Sep} 
}

@online{NotPetya02, 
title={Everything you need to know about the Petya, er, NotPetya nasty trashing PCs worldwide}, 
url={https://www.theregister.com/2017/06/28/petya_notpetya_ransomware/?utm_source=tuicool&utm_medium=referral}, 
journal={Theregister.com}, 
publisher={The Register}, 
author={Iain Thomson}, 
year={2017}, 
month={Jun} 
}

‌@online{Loveletter,
title={Kaspersky Threats — LoveLetter}, 
url={https://threats.kaspersky.com/en/threat/Email-Worm.VBS.LoveLetter/}, 
journal={Kaspersky.com}, 
year={2020} 
}

‌@online{SQLSlammer,
title={Worm:W32/Slammer Description | F-Secure Labs}, 
url={https://www.f-secure.com/v-descs/mssqlm.shtml}, 
journal={F-secure.com}, 
year={2019} 
}

@online{SQLSlammerStory, 
title={The Inside Story of SQL Slammer}, 
url={https://threatpost.com/inside-story-sql-slammer-102010/74589/}, 
journal={Threatpost.com}, 
publisher={Threatpost}, 
author={Litchfield, David}, 
year={2010}, 
month={Oct} 
}

‌@online{Emotet, 
title={Emotet malware – An introduction to the banking Trojan}, 
url={https://www.malwarebytes.com/emotet/}, 
journal={Malwarebytes}, 
publisher={Malwarebytes}, 
author={Malwarebytes}, 
year={2018}, 
month={Oct} 
}

‌
‌
‌

%switch to numerical indexing for names?

%look at assignment feedback!