@misc{rfc768,
  added-at = {2009-11-15T15:37:34.000+0100},
  author = {Postel, J.},
  biburl = {https://www.bibsonomy.org/bibtex/20b82bde997f1b2ee163398ccee94ffb0/henkellermann},
  howpublished = {RFC 768 (Standard)},
  interhash = {cbd242a4c7b3463342475b82a6c34e29},
  intrahash = {0b82bde997f1b2ee163398ccee94ffb0},
  keywords = {imported},
  month = {August},
  number = 768,
  organization = {Internet Engineering Task Force},
  publisher = {IETF},
  series = {Request for Comments},
  timestamp = {2009-11-15T15:37:43.000+0100},
  title = {{User Datagram Protocol}},
  url = {http://www.ietf.org/rfc/rfc768.txt},
  year = 1980
}


